<record><leader>00000cas a22000007a 4500</leader><controlfield tag="001">13432920</controlfield><controlfield tag="008">860415d18811881nvuwr ne      0    0eng d</controlfield><datafield ind1=" " ind2=" " tag="010"><subfield code="a">sn 86091320 </subfield></datafield><datafield ind1=" " ind2=" " tag="040"><subfield code="a">UNP</subfield><subfield code="b">eng</subfield><subfield code="c">UNP</subfield><subfield code="d">NNX</subfield><subfield code="d">OCLCQ</subfield><subfield code="d">OCLCF</subfield><subfield code="d">OCLCO</subfield></datafield><datafield ind1="1" ind2=" " tag="029"><subfield code="a">AU@</subfield><subfield code="b">000024500513</subfield></datafield><datafield ind1=" " ind2=" " tag="042"><subfield code="a">msc</subfield></datafield><datafield ind1=" " ind2=" " tag="043"><subfield code="a">n-us-nv</subfield></datafield><datafield ind1=" " ind2="4" tag="050"><subfield code="a">AN2.N3</subfield><subfield code="b">O37</subfield></datafield><datafield ind1="0" ind2=" " tag="130"><subfield code="a">Oasis (Hawthorne, Nev.)</subfield></datafield><datafield ind1="1" ind2="4" tag="245"><subfield code="a">The oasis.</subfield></datafield><datafield ind1=" " ind2=" " tag="260"><subfield code="a">Hawthorne, Nev. :</subfield><subfield code="b">Hawthorne Pub. Co.</subfield></datafield><datafield ind1=" " ind2=" " tag="300"><subfield code="a">v.</subfield></datafield><datafield ind1=" " ind2=" " tag="310"><subfield code="a">Weekly</subfield></datafield><datafield ind1="1" ind2=" " tag="362"><subfield code="a">Began with Sept. 1, 1881 issue; ceased with Oct. 6, 1881 issue.</subfield><subfield code="z">Cf. Lingenfelter, R.E. Newspapers in Nevada.</subfield></datafield><datafield ind1=" " ind2=" " tag="588"><subfield code="a">Description based on: Vol. 1, no. 2 (Sept. 8, 1881).</subfield></datafield><datafield ind1=" " ind2="0" tag="651"><subfield code="a">Hawthorne (Nev.)</subfield><subfield code="v">Newspapers.</subfield></datafield><datafield ind1=" " ind2="7" tag="655"><subfield code="a">Newspapers.</subfield><subfield code="2">fast</subfield><subfield code="0">(OCoLC)fst01423814</subfield></datafield><datafield ind1=" " ind2="7" tag="651"><subfield code="a">Nevada</subfield><subfield code="z">Hawthorne.</subfield><subfield code="2">fast</subfield><subfield code="0">(OCoLC)fst01236501</subfield></datafield><datafield ind1=" " ind2=" " tag="752"><subfield code="a">United States</subfield><subfield code="b">Nevada</subfield><subfield code="c">Esmeralda</subfield><subfield code="d">Hawthorne.</subfield></datafield><datafield ind1=" " ind2=" " tag="752"><subfield code="a">United States</subfield><subfield code="b">Nevdad</subfield><subfield code="c">Mineral</subfield><subfield code="d">Hawthorne.</subfield></datafield></record>